<record><leader>00000cas a22000007a 4500</leader><controlfield tag="001">26687215</controlfield><controlfield tag="008">920929d19621979ctuwn ne      0    0eng d</controlfield><controlfield tag="009">14297</controlfield><datafield ind1=" " ind2=" " tag="010"><subfield code="a">sn 92051427 </subfield></datafield><datafield ind1=" " ind2=" " tag="040"><subfield code="a">CNW</subfield><subfield code="b">eng</subfield><subfield code="c">CNW</subfield><subfield code="d">OCLCQ</subfield></datafield><datafield ind1="1" ind2=" " tag="029"><subfield code="a">AU@</subfield><subfield code="b">000020741120</subfield></datafield><datafield ind1=" " ind2=" " tag="042"><subfield code="a">msc</subfield></datafield><datafield ind1="0" ind2="0" tag="245"><subfield code="a">Windham County observer, Putnam patriot.</subfield></datafield><datafield ind1="3" ind2="0" tag="246"><subfield code="a">Observer patriot</subfield></datafield><datafield ind1="1" ind2="3" tag="246"><subfield code="a">Windham County observer-Putnam patriot</subfield></datafield><datafield ind1=" " ind2=" " tag="260"><subfield code="a">Putnam, Conn. :</subfield><subfield code="b">Observer Co.</subfield></datafield><datafield ind1=" " ind2=" " tag="300"><subfield code="a">v.</subfield></datafield><datafield ind1=" " ind2=" " tag="310"><subfield code="a">Weekly (except first week of July),</subfield><subfield code="b">July 10, 1963-1979</subfield></datafield><datafield ind1=" " ind2=" " tag="321"><subfield code="a">Weekly,</subfield><subfield code="b">1962-June 26, 1963</subfield></datafield><datafield ind1="0" ind2=" " tag="362"><subfield code="a">Vol. 80, no 18 (May 2, 1962)-v. 94, no. 36 (Sept. 12, 1979).</subfield></datafield><datafield ind1=" " ind2=" " tag="530"><subfield code="a">Available on microfilm from Putnam Public Library, Putnam, Conn.</subfield></datafield><datafield ind1=" " ind2="4" tag="651"><subfield code="a">Putnam (Conn.)</subfield><subfield code="v">Newspapers.</subfield></datafield><datafield ind1=" " ind2="4" tag="651"><subfield code="a">Windham County (Conn.)</subfield><subfield code="v">Newspapers.</subfield></datafield><datafield ind1=" " ind2=" " tag="752"><subfield code="a">United States</subfield><subfield code="b">Connecticut</subfield><subfield code="c">Windham</subfield><subfield code="d">Putnam.</subfield></datafield><datafield ind1="0" ind2="4" tag="780"><subfield code="t">Windham County observer</subfield><subfield code="w">(DLC)sn 92051419</subfield></datafield><datafield ind1="0" ind2="4" tag="780"><subfield code="t">Putnam patriot (Putnam, Conn. : 1872)</subfield><subfield code="w">(DLC)sn 84022396</subfield><subfield code="w">(OCoLC)10386936</subfield></datafield><datafield ind1="0" ind2="0" tag="785"><subfield code="t">Observer-patriot</subfield><subfield code="w">(DLC)sn 92051428</subfield></datafield></record>